<record><leader>00000cas a2200000Ii 4500</leader><controlfield tag="001">5121622</controlfield><controlfield tag="008">790629u1936uuuuiluuu n      s0   a1eng  </controlfield><datafield ind1=" " ind2=" " tag="010"><subfield code="a">   40035730 </subfield></datafield><datafield ind1=" " ind2=" " tag="040"><subfield code="a">DLC</subfield><subfield code="b">eng</subfield><subfield code="c">LSM</subfield><subfield code="d">OCL</subfield><subfield code="d">OCLCF</subfield><subfield code="d">OCLCO</subfield></datafield><datafield ind1=" " ind2=" " tag="050"><subfield code="a">PE 1411</subfield><subfield code="b">C485</subfield></datafield><datafield ind1=" " ind2=" " tag="092"><subfield code="a">808</subfield><subfield code="b">Chi</subfield></datafield><datafield ind1="2" ind2=" " tag="110"><subfield code="a">University of Chicago.</subfield><subfield code="b">College.</subfield></datafield><datafield ind1="1" ind2="0" tag="245"><subfield code="a">English :</subfield><subfield code="b">selected readings and exercises.</subfield></datafield><datafield ind1="0" ind2="0" tag="247"><subfield code="a">College course in English composition ;</subfield><subfield code="f">Aug. 1936-Sept. 1945 ;</subfield><subfield code="b">syllabus to accompany exercises.</subfield></datafield><datafield ind1=" " ind2=" " tag="260"><subfield code="a">Chicago :</subfield><subfield code="b">University of Chicago Press [etc],</subfield><subfield code="c">1936-</subfield></datafield><datafield ind1=" " ind2=" " tag="300"><subfield code="a">v. in</subfield><subfield code="c">22-28 cm.</subfield></datafield><datafield ind1="0" ind2=" " tag="362"><subfield code="a">1st-       ed. ; Aug. 1936-</subfield></datafield><datafield ind1=" " ind2=" " tag="500"><subfield code="a">Other slight variations in title and subtitle.</subfield></datafield><datafield ind1=" " ind2="0" tag="650"><subfield code="a">English language</subfield><subfield code="x">Rhetoric.</subfield></datafield><datafield ind1=" " ind2="0" tag="650"><subfield code="a">Literature</subfield><subfield code="x">History and criticism.</subfield></datafield><datafield ind1=" " ind2="7" tag="655"><subfield code="a">Criticism, interpretation, etc.</subfield><subfield code="2">fast</subfield><subfield code="0">(OCoLC)fst01411635</subfield></datafield><datafield ind1=" " ind2="7" tag="650"><subfield code="a">English language</subfield><subfield code="x">Rhetoric.</subfield><subfield code="2">fast</subfield><subfield code="0">(OCoLC)fst00911581</subfield></datafield><datafield ind1=" " ind2="7" tag="650"><subfield code="a">Literature.</subfield><subfield code="2">fast</subfield><subfield code="0">(OCoLC)fst00999953</subfield></datafield></record>